4096 6144
316 1860 341 1900 Ιο

316 2572 343 2612 20

315 3989 342 4031 lc

316 4346 342 4386 lt

315 4707 342 4748 δο

551 509 925 664 ΠΡΟΛΟΙῸΣ

380 737 457 799 ΤΟΥ
479 725 690 798 ΕΡΜΗῘἸΕΩΣ
710 738 772 798 ΕΙΣ
792 739 843 800 ΤΟ
865 731 958 802 ΠΕΡΙ
979 739 1111 802 blitiri

622 919 865 975 irritoreilorz.

354 1219 395 1280 Τῷ
413 1215 454 1276 ῒῆῖ
471 1216 651 1284 Ἀριστοτελικῆς
668 1219 770 1270 όειθαλεί
785 1220 921 1283 φιλοσοφίας
940 1220 1037 1283 λειμῶνι
1055 1216 1140 1269 πολλαὶ

387 1289 429 1352 μέν
443 1292 482 1340 καὶ
498 1293 566 1344 άλλαι
585 1295 661 1344 δίλτοι
677 1290 740 1341 κατά
756 1289 786 1340 τά
799 1290 881 1352 εύγτνή
896 1291 1078 1354 παραπτφύκασι
1093 1295 1140 1340 τῶν

387 1365 474 1422 φυτῶν,
489 1363 624 1427 παμφόρους
641 1362 682 1426 μέν
702 1359 736 1415 οίς
751 1361 892 1422 θεωροῦμεν,
912 1359 1032 1423 πολυχόας
1052 1361 1077 1410 ti
1100 1362 1139 1409 καὶ

385 1430 419 1486 οίς
434 1432 622 1497 διαπραττόμτθα
634 1434 769 1498 προθέμεναι
783 1431 837 1488 τοὺς
847 1431 959 1494 καρπούς.
993 1429 1039 1480 ἸΙν
1051 1432 1074 1482 ti
1085 1431 1141 1495 πρός

385 1509 435 1560 ταῖς
446 1504 526 1564 άλλαις
541 1508 581 1556 καὶ
595 1511 610 1566 i,
622 1508 674 1571 περὶ
687 1509 764 1570 φυτῶν
775 1504 822 1554 δαα
837 1505 877 1553 καί
890 1504 959 1568 φυτόν
972 1503 1050 1568 εύφυές
1065 1504 1140 1569 βραχύ

385 1575 436 1634 μέν,
453 1575 512 1624 etii
525 1583 622 1640 συχναῖς
633 1581 685 1634 ταῖς
696 1575 775 1639 χάρισι
790 1574 861 1638 βρύον
874 1576 914 1624 καὶ
924 1575 1057 1632 καλλίστοις
1072 1577 1140 1636 ἐκφο·

385 1645 441 1708 ρίοις
454 1648 507 1703 τοὺς
524 1655 570 1696 τῶν
586 1648 663 1712 λόγων
675 1647 773 1711 ἐραστάς
787 1645 942 1709 δεξιούμενον,
958 1645 985 1695 ού
998 1645 1068 1709 μόνον
1080 1648 1141 1704 λέγω

384 1717 437 1773 τοὺς
455 1721 589 1782 ἡμετέρους,
608 1720 661 1777 τοὺς
676 1718 747 1779 πάνυ,
764 1717 818 1774 τοὺς
835 1723 965 1781 περιφανεῖς
977 1719 1006 1766 τὰ
1023 1718 1045 1774 ἐς
1059 1718 1141 1780 λόγους

386 1788 428 1836 καὶ
443 1789 486 1847 τήν
500 1789 584 1851 σοφίαν
601 1789 774 1852 άπαραμίλλους
792 1789 831 1836 καί
850 1788 892 1845 τήν
908 1787 1001 1837 σύνεσιν
1020 1789 1140 1848 Αύσονας,

386 1857 445 1906 ἀλλὰ
458 1861 499 1907 καὶ
510 1859 566 1916 τοὺς
577 1861 604 1909 ἐκ
616 1859 699 1924 μοίρας
714 1859 843 1917 Ἰταλικῆς,
857 1859 896 1908 καὶ
909 1860 937 1908 οὐ
946 1859 1042 1914 τούτους
1053 1859 1139 1921 μόνον,

386 1927 496 1978 ἀλλὰκαὶ
510 1931 580 1986 δσονς
590 1931 710 1986 τοιούτους
722 1930 784 1979 σίδαν
796 1932 811 1987 ἡ
827 1934 874 1978 τῶν
886 1929 1029 1992 εὐδαιμόνων
1041 1927 1141 1994 Ἀράδων

385 1999 473 2061 τρέφειν
490 2001 530 2050 καί
544 2007 591 2051 τῶν
605 2001 697 2050 Ἰνδῶν·
712 1999 798 2063 συχνόν
810 1999 854 2062 γάρ
873 2000 978 2049 enecato
1002 2000 1082 2064 ίμερον
1094 2006 1141 2050 τῶν

386 2071 470 2120 ἐαυτοῦ
488 2072 678 2137 συγγραμμάτων
698 2076 746 2129 τοῖς
763 2071 912 2130 ὁπουδήποτε
930 2071 1062 2133 φιλοσόφοις
1081 2074 1094 2121 ό
1115 2073 1142 2120 ἐκ

388 2142 519 2208 Σταγείρων
528 2144 597 2209 άκρος
609 2143 742 2208 φιλόσοφος.
775 2141 843 2196 hill
856 2143 883 2192 τό
895 2147 1000 2192 τοιοῦτον
1013 2143 1082 2205 φυτὸν
1097 2144 1141 2192 οὐκ

387 2211 432 2260 οἶδ’
445 2214 508 2270 όπως
518 2215 546 2264 ού
562 2215 632 2277 μόνον
645 2215 743 2264 αύανσιν
756 2213 856 2262 πίπονθε
868 2211 923 2275 παρ’
935 2215 1000 2274 ἡμῖν,
1016 2213 1141 2264 ἀλλοίωσίν

386 2300 439 2332 τινα
451 2284 514 2348 τάχα
532 2287 584 2350 περί
599 2287 626 2336 τό
643 2291 730 2350 χεῖρον,
752 2285 792 2334 οία
807 2285 868 2343 φιλεῖ
880 2283 961 2348 χρόνος
979 2289 1065 2343 ποιεῖν,
1080 2285 1139 2334 ἀλλὰ

385 2355 426 2403 καὶ
445 2357 600 2420 προθέλυμνον
614 2358 717 2416 ἐκκοπὴν
734 2357 822 2412 καλεῖς
843 2356 871 2405 τό
886 2357 918 2417 μὴ
938 2357 963 2405 όν
982 2357 1140 2422 ἀποστροφήν,

386 2425 418 2481 ῶς
431 2423 480 2474 οὐδ’
494 2425 521 2474 ἐν
531 2442 589 2476 ποτε
601 2426 735 2488 φυτηκόμον
745 2425 816 2488 sidau,
827 2425 875 2474 otc·
885 2427 906 2474 εί
917 2426 1029 2488 προῆλθεν
1039 2428 1071 2482 είς
1084 2433 1140 2490 φῶς.

387 2493 489 2554 Ὗτιέστη
507 2496 536 2544 τά
552 2497 598 2546 'iou
611 2497 651 2546 καὶ
663 2497 750 2552 Ἰταλὸς
765 2495 854 2559 μακρόν
874 2494 956 2558 χρόνον
976 2496 1018 2544 σύν
1029 2498 1084 2558 ήμῖν
1096 2514 1142 2560 χη-

386 2565 459 2628 ρεύων
477 2571 520 2616 τοῦ
538 2567 667 2631 χρήματος.
700 2571 755 2624 Τοῖς
773 2566 869 2630 Ἄραψιν
891 2565 1026 2629 ἐγνωρίζττο
1045 2567 1141 2633 μόνοις,

385 2638 425 2686 καί
449 2636 514 2699 μόνοι
531 2643 578 2687 τῶν
590 2639 674 2688 τούτου
686 2642 783 2702 καρπῶν
797 2636 903 2699 ἀφθόνως
918 2636 1045 2688 άπελαυον.
1078 2637 1142 2689 Ἀλλά

386 2725 420 2764 τις
436 2710 521 2764 Κελτός
541 2710 583 2772 μέν
595 2710 623 2759 τό
633 2712 699 2769 γένος
706 2744 714 2770 ,
726 2709 749 2766 ἐς
762 2713 875 2759 τοσοῦτον
892 2707 917 2758 δέ
932 2713 973 2768 τῆς
987 2715 1034 2757 τῶν
1045 2706 1142 2762 Ἰταλῶν

386 2778 469 2840 σοφίας
484 2779 568 2837 ἐλάσας
584 2783 615 2836 ὡς
626 2786 673 2830 τῶν
685 2779 805 2845 πρωτείων
818 2783 967 2844 παραχωρεῖν
979 2780 1059 2843 μηδενί
1070 2817 1077 2836 .
1091 2782 1142 2831 εἶτα

386 2849 462 2912 βραχύ
476 2855 559 2911 τοῦτο,
572 2851 662 2914 καίπερ
673 2852 699 2900 δν
708 2856 830 2912 τοσοῦτον,
844 2849 897 2900 καθ’
907 2851 989 2900 ranan
1001 2851 1096 2912 οἰηθείς,
1112 2855 1141 2900 δν

389 2919 480 2981 μήκαὶ
500 2921 542 2978 τήν
560 2925 608 2971 τῶν
619 2920 721 2984 Ἆράδων
741 2921 800 2983 μετὰ
820 2925 868 2969 τῶν
887 2918 995 2970 Λατίνων
1022 2920 1140 2984 μεταλάδη

388 2994 474 3050 γνῶσιν
489 2992 529 3040 καί
541 2992 584 3050 τὴν
596 2991 721 3051 καλλίστην
733 2992 777 3048 ἐξιν
790 2991 924 3051 ἀσκήσειεν,
939 2991 991 3048 ὅλος
1001 2991 1090 3052 γίνεται
1099 2995 1141 3040 τοῦ

386 3061 456 3124 ipsos
470 3063 524 3122 ,καὶ
536 3065 569 3120 είς
580 3065 650 3128 πέρας
661 3065 703 3124 τήν
714 3065 810 3126 γνώμην
829 3064 925 3125 ἀγαγεῖν
937 3063 996 3113 θέλει
1009 3065 1049 3113 καὶ
1063 3069 1142 3129 τυχεῖν

386 3131 504 3188 παντοίως
519 3137 561 3182 τοῦ
578 3134 668 3196 ἐφετοῦ.
702 3135 822 3184 indictae
841 3134 924 3183 λοιπόν
937 3135 979 3194 τήν
994 3135 1140 3199 ἀλλοδαπήν,

386 3206 469 3264 χρῆται
496 3209 544 3260 τοῖς
565 3203 647 3268 Ἄραψι
672 3206 820 3265 παιδευταῖς,
843 3206 883 3254 καὶ
904 3210 933 3270 τῇ
950 3205 1034 3272 εύφυίφ
1052 3224 1139 3271 συμμε-

386 3273 473 3336 τρήαας
493 3275 597 3334 σπουδήν
617 3281 730 3326 τοσούτω
749 3277 887 3340 εύμοιρῆσαι
901 3276 1009 3333 παιδείας
1019 3279 1089 3338 φασίν
1110 3281 1142 3335 ῶς

385 3343 497 3394 δύνασθαι
513 3347 554 3395 καί
572 3347 602 3396 τά
623 3352 670 3396 τῶν
684 3347 786 3412 Ἆράδων
803 3349 835 3404 είς
855 3345 958 3404 Ἰταλούς
979 3349 1020 3398 καὶ
1042 3349 1072 3400 τὰ
1095 3356 1142 3400 τῶν

385 3412 481 3463 Ἰταλῶν
491 3417 688 3487 μεταπορθμεύειν
699 3417 846 3481 :tripodes
877 3417 952 3476 Ούτος
966 3417 1007 3468 ούν
1016 3420 1072 3482 πρός
1082 3437 1142 3471 τισιν

388 3484 469 3542 ἄλλαις
493 3487 534 3534 καὶ
551 3487 594 3545 τὴν
609 3489 661 3550 περὶ
680 3492 757 3552 φυτῶν
775 3488 843 3546 τήνδε
867 3488 947 3551 βίόλον
965 3491 1140 3555 μεθερμηνεύετ,

388 3555 436 3603 κάκ
461 3560 509 3604 τῶν
531 3557 633 3618 λογικῶν
651 3556 778 3620 Ἆραδικῶν
799 3559 920 3622 λειμώνων
942 3559 989 3609 όσα
1009 3562 1049 3610 καί
1072 3563 1142 3621 φυτόν

385 3624 474 3684 εύγενές
489 3627 521 3681 είς
537 3626 580 3682 τὰς
598 3625 712 3682 Ἰταλικάς
727 3627 882 3689 μετακηπεύει
892 3629 1010 3690 φυταλιίις.
1045 3631 1142 3694 'Eperos

386 3700 443 3754 γοῦν
459 3693 548 3754 Ἰταλὸς
563 3697 600 3746 ἐπί
618 3697 708 3760 τούτῳ,
722 3699 804 3747 καὶτὰ
822 3697 914 3761 μεγάλα
929 3699 1074 3764 ἐκόμπαζεν·
1091 3709 1142 3761 ταῖς

385 3763 575 3828 Ἀριστοτελεκαῖς
596 3767 641 3832 γάρ
667 3767 836 3832 φιλοτιμεῖσθαι
857 3768 945 3832 βίδλοις
970 3771 1030 3837 ύπέφ
1052 3773 1140 3832 πάντας

389 3835 533 3901 βρενθύεται·
547 3838 587 3887 καί
600 3843 715 3889 τοσοῦτον
728 3839 873 3902 ἐντκαυχάτο
883 3844 918 3904 τῷ
928 3841 1045 3906 χρήματι,
1056 3845 1142 3908 Ξέρξης

388 3907 434 3972 ούχ
443 3907 513 3970 ήττον
534 3909 621 3967 ἐκεῖνος
632 3911 664 3967 είς
674 3911 703 3970 ἢν
714 3909 860 3968 ύπτσκιάσθη
872 3913 950 3970 καλήν
961 3913 1063 3975 χρυσέαν
1073 3915 1143 3972 ἐδειξε

384 3980 511 4032 πλάτανον.
548 3978 637 4031 Ἦλθον
653 3983 686 4039 τίς
699 3979 822 4045 ἐπιθυμίαν
834 3981 936 4046 (μακρός
951 3983 1030 4039 ἐξότου
1047 3985 1142 4050 χρόνος)

386 4051 453 4112 κάγὼ
466 4055 508 4100 τοῦ
521 4055 610 4114 φυτοῦ·
622 4049 688 4112 λύγοι
706 4051 751 4117 γάρ
765 4066 805 4115 μοι
825 4055 874 4100 τῶν
887 4057 929 4101 τοῦ
941 4051 1034 4116 κόσμου
1048 4054 1142 4104 πάντων

385 4127 465 4186 χρῆμα
478 4122 506 4172 τό
517 4123 668 4185 τιμιώτατον.
701 4121 815 4172 Ἐπὸθονν
830 4121 984 4186 ἐμφορηθῆναι
1003 4129 1050 4173 τῶν
1059 4125 1143 4175 τούτου

386 4200 492 4260 καρπῶν,
504 4199 552 4244 τῶν
564 4195 688 4258 νοημάτων
700 4195 734 4251 είς
749 4195 794 4250 ίξιν
807 4194 890 4244 ἐλθεῖν.
923 4195 1090 4259 Ἔψυχαγῶγει
1103 4213 1142 4260 μοι

385 4267 427 4324 τὴν
439 4264 562 4329 ἐπιθυμίαν
574 4265 648 4328 ἐλπίς,
662 4265 702 4314 καί
714 4266 756 4324 τήν
771 4265 853 4314 ἐλπίδα
865 4264 935 4315 πάλιν
945 4266 1002 4330 εύχὴ
1018 4267 1141 4330 διεδέχετο,

388 4337 456 4386 iiiii
470 4338 537 4400 μέχρι
554 4337 642 4387 πολλοῦ
662 4337 692 4386 τὰ
706 4342 746 4396 τῆς
767 4333 890 4398 ἐπιθυμίας
909 4337 1036 4398 ἀτελεστα,
1050 4341 1065 4396 ri
1080 4339 1142 4396 ἐλπὶς

387 4408 427 4456 καὶ
440 4407 511 4469 μόνον
522 4407 598 4466 ἐλπίς’
612 4408 643 4458 τά
655 4408 680 4457 δέ
690 4412 730 4466 τῆς
742 4408 812 4470 siric
825 4405 969 4457 ἐπετείνετο.
1002 4409 1030 4457 ti
1040 4409 1060 4458 δ’
1071 4411 1142 4468 ήτῶν

386 4479 480 4540 ἀγαθῶν
495 4477 604 4528 ἁπάντων
619 4479 733 4537 παντελὴς
746 4478 812 4528 uiris
822 4475 864 4528 καέ
884 4479 1011 4543 ὑπερτελής
1026 4482 1066 4530 καὶ
1083 4497 1141 4545 προ·

387 4549 486 4609 τίλειοςς
504 4549 601 4613 ἠρεμίαν
618 4555 648 4614 τῇ
667 4549 778 4614 ἐπιθυμίᾳ
796 4554 907 4614 χορηγεῖ,
925 4555 954 4612 τη
971 4549 1045 4600 ἐλπίδι
1059 4552 1143 4614 πέρας,

387 4617 468 4668 καὶτὰ
486 4623 526 4678 τῆς
543 4621 659 4680 αἰτήσεως
678 4625 707 4682 τῇ
726 4620 795 4684 εὐχῇ.
827 4619 917 4678 Ἰταλδς
932 4619 976 4684 γάρ
991 4636 1025 4676 τις
1046 4619 1142 4671 ἐκποθεν

385 4692 443 4751 ἡμῖν
461 4690 581 4752 αλφνιδίως
602 4690 738 4754 ἐναφαντίς,
754 4693 839 4748 ἱκανῶς
854 4693 916 4756 ἔχων
932 4691 1026 4752 λογικῆς
1037 4692 1142 4750 παιδείας

385 4761 425 4810 καί
437 4761 560 4822 γνώσεως,
575 4761 694 4826 πρόσεισιν
711 4764 743 4818 ῶς
760 4765 835 4825 ἡμᾶς,
850 4761 979 4821 άσπάξετατ
1002 4763 1141 4825 χαριέντως,

385 4831 415 4880 τά
435 4831 515 4895 φιλικὰ
537 4832 676 4897 προσλαλεῖ,
694 4832 746 4882 εἶτα
764 4834 807 4892 τὴν
823 4833 969 4898 ποθουμίνην
987 4832 1068 4896 βίδλον
1086 4835 1141 4897 ήμῖν

386 4901 545 4968 ἐγχειρίζεται.
578 4901 714 4968 Ηύφράνθην
728 4903 776 4964 ἐγὼ
788 4907 820 4960 ὡς
832 4903 867 4968 ἐφ’
880 4903 971 4969 ἐρμαίιμ
983 4909 1018 4967 τῷ
1029 4905 1141 4968 χρήματι,

387 4972 498 5037 ἐδεξάμην
516 4975 651 5039 einsidlen
670 4974 789 5038 ἐκθύμως,
805 4975 857 5032 όλος
876 4975 948 5036 αὐτῆς
965 4975 1087 5040 ἐγενόμην,
1101 4977 1141 5026 τόν

387 5041 520 5109 ἐγκείμενον
540 5051 595 5095 νοῦν
619 5043 758 5110 ἀνελεξάμην
783 5047 912 5110 ἐπιμελῶς,
928 5048 970 5098 καί
993 5047 1042 5097 οίον
1065 5050 1096 5104 ὣς
1118 5049 1141 5097 ἐν

387 5112 493 5178 ἐσόπτρῳ
507 5117 563 5179 τῇδε
573 5117 601 5166 ἐκ
612 5115 706 5180 περάτης
720 5117 791 5176 αι’πής
809 5117 918 5181 βαλδῖδος
933 5118 973 5167 τόν
984 5115 1141 5182 Ἀριστοτελην

386 5181 459 5242 ἐγνων
470 5185 574 5243 καὶτοὺς
588 5186 754 5253 Ἀφιστελικοιλς
766 5187 829 5238 κατὰ
838 5193 886 5238 τῶν
899 5187 972 5238 πάλαι
985 5189 1140 5252 φιλοσοφούν-

387 5268 433 5302 των
447 5256 605 5320 άντιλογικοὺς
624 5258 750 5323 ἐτασμούς.
783 5257 879 5310 Ἀδικεῖν
895 5258 915 5309 δ’
934 5259 1012 5323 ᾠήθην
1041 5259 1074 5309 υά
1087 5259 1140 5310 rob·

1157 5346 1182 5391 10

1406 511 1752 608 PRAEFATIO

1258 750 1517 813 thietricus
1539 751 1644 813 hinni
1666 749 1718 811 DE
1736 749 1903 814 Plintis

1470 929 1680 974 salaroretls.

1186 1221 1218 1268 hd
1230 1233 1319 1282 sempor
1328 1221 1410 1270 dorem
1418 1225 1563 1284 philosophie
1571 1223 1716 1270 iristotcilce
1726 1227 1816 1281 pratum
1827 1140 1977 1273 mamm

1213 1298 1267 1344 llum
1277 1299 1405 1358 phntarum
1414 1301 1479 1347 multi
1495 1299 1608 1360 pullulant
1617 1299 1714 1352 codices,
1725 1299 1869 1348 omnimodus
1879 1302 1971 1358 quidem

1214 1373 1353 1428 proterentes
1362 1374 1450 1421 tructus
1464 1375 1688 1432 quibusspcctcmus,
1698 1373 1780 1420 uberes
1795 1385 1851 1420 sero
1860 1378 1976 1433 siquibus

1211 1450 1277 1496 nobb
1285 1461 1441 1508 comparemus
1452 1451 1522 1506 <banc
1532 1450 1713 1507 philosophiam).
1723 1452 1776 1494 erat
1783 1455 1867 1507 preter
1876 1453 1974 1510 reiiqsm

1212 1531 1235 1572 et
1243 1526 1273 1571 dc
1286 1525 1367 1583 plantis
1378 1530 1503 1606 tractatus·
1514 1537 1557 1572 ceu
1572 1525 1653 1571 nobilis
1668 1525 1755 1580 pbnu,
1769 1537 1851 1584 persus
1866 1527 1972 1584 qnidem,

1212 1599 1251 1646 scd
1270 1601 1345 1646 multis
1362 1605 1449 1648 scaiem
1468 1601 1582 1659 leporibus
1603 1601 1806 1660 pulcherrimisque
1823 1605 1974 1660 proventibus

1211 1685 1341 1740 sermonum
1350 1677 1567 1730 unatoressaiutans,
1578 1687 1624 1722 non
1631 1677 1711 1732 loquor
1719 1675 1748 1722 de
1755 1677 1894 1724 nostratibus
1900 1679 1974 1726 solum

1212 1751 1296 1808 quippe
1307 1751 1473 1807 illustrissimis,
1484 1751 1594 1806 rebusque
1613 1750 1742 1796 doctrinam
1755 1753 1909 1807 spectantibus
1919 1755 1973 1798 erui·

1213 1825 1330 1881 nendbua,
1342 1827 1450 1881 sapientia
1468 1826 1551 1872 nemini
1571 1824 1735 1882 aequiparandis
1753 1831 1776 1871 et
1793 1826 1911 1874 intellectu
1926 1833 1973 1874 Διτ-

1212 1900 1312 1954 sonibus‚
1325 1912 1404 1946 rerum
1413 1903 1437 1946 ct
1450 1899 1479 1946 de
1490 1900 1588 1955 regionis
1596 1901 1678 1946 italice
1687 1899 1782 1955 incolis,
1793 1912 1837 1948 nec
1850 1903 1879 1947 de
1893 1903 1927 1947 his
1935 1914 1973 1948 so-

1212 1975 1273 2029 lum,
1290 1975 1327 2020 sed
1339 1975 1406 2020 etiarn
1420 1973 1448 2020 do
1458 1974 1562 2019 omnibus
1573 1977 1725 2032 quotcumque
1734 1975 1844 2029 eiusmodi
1859 1977 1920 2022 viros
1930 1991 1974 2022 nu·

1212 2051 1267 2097 trire
1277 2051 1341 2097 novit
1350 2050 1440 2097 leilcum
1451 2051 1549 2096 arabum
1556 2055 1579 2098 et
1586 2050 1695 2096 ludorum
1705 2052 1766 2108 regio
1778 2067 1784 2094 ι
1796 2049 1902 2110 ίιτιφιιεατ
1911 2057 1975 2100 urim

1213 2131 1323 2176 librorum
1338 2141 1431 2174 suomm
1441 2128 1576 2174 desiderium
1586 2129 1746 2183 cuiuscumque
1762 2129 1859 2184 τεςῖοοίτ
1872 2131 1974 2188 philoso-

1212 2205 1261 2264 phis
1271 2205 1348 2260 iniecit
1358 2215 1457 2250 mmmus
1467 2205 1570 2260 stagiriia
1580 2204 1730 2262 philosophus
1741 2207 1825 2249 verum
1832 2205 1882 2250 hec
1893 2205 1975 2263 planta

1212 2280 1289 2326 nescio
1300 2279 1424 2337 quomodo,
1439 2280 1498 2336 apud
1509 2291 1550 2324 ιιοε
1560 2290 1607 2324 non
1616 2280 1689 2324 solum
1699 2291 1800 2337 perpessa
1808 2285 1843 2326 est
1851 2281 1933 2336 tabern,
1945 2285 1975 2328 ad

1211 2357 1276 2412 peius
1297 2353 1371 2400 lorsan
1388 2353 1507 2412 qnamdam
1522 2355 1687 2407 mutationem,
1706 2355 1794 2410 quatem
1809 2354 1900 2402 efficere
1917 2359 1975 2404 soiet

1212 2437 1277 2489 stas,
1291 2433 1330 2478 sed
1342 2432 1450 2478 radicitus
1463 2430 1544 2476 iactam
1558 2431 1743 2489 exstirpationem
1759 2437 1825 2490 atque
1834 2432 1862 2478 ad
1878 2435 1974 2480 nihilum

1211 2508 1414 2564 demigrationem,
1433 2507 1526 2564 perinde
1541 2518 1568 2552 ac
1585 2507 1603 2552 si
1622 2519 1745 2564 numquam
1761 2508 1858 2554 ιιοτίτεεῖ
1873 2509 1974 2555 hortula-

1212 2595 1280 2636 ttum,
1291 2596 1364 2642 neque
1374 2585 1396 2628 ln
1407 2584 1481 2629 lucem
1490 2582 1617 2642 prodiisset.
1641 2581 1724 2628 Eadem
1734 2587 1838 2642 expertus
1849 2589 1881 2630 est
1891 2585 1972 2639 italus,

1210 2660 1357 2722 perlongum
1371 2659 1477 2716 torporis
1492 2658 1589 2716 spatium
1598 2657 1716 2703 nobiscum
1727 2658 1761 2704 bis
1770 2659 1971 2716 opibusriduatus.

1211 2733 1321 2780 arabibus
1329 2735 1381 2779 solis
1391 2733 1481 2790 cognita
1489 2737 1537 2780 eret
1546 2733 1632 2789 solique
1642 2729 1730 2777 ailadm
1740 2734 1790 2787 elus
1800 2731 1909 2790 lruclibus
1919 2746 1969 2792 per·

1213 2809 1354 2854 lruebantnr.
1367 2810 1396 2853 ilt
1405 2807 1440 2852 nir
1449 2807 1540 2864 quidam
1549 2806 1642 2851 nodone
1651 2805 1743 2863 qrddem
1753 2807 1828 2860 celte,
1839 2805 1877 2852 sed
1886 2807 1913 2852 ad
1921 2813 1970 2852 tsn-

1213 2883 1260 2925 tum
1272 2879 1380 2924 italorum
1388 2877 1500 2933 sapientie
1509 2875 1604 2932 gradum
1616 2879 1744 2931 pervectus,
1756 2878 1782 2920 ut
1796 2876 1857 2922 inter
1866 2877 1971 2932 primates

1214 2952 1299 2998 nemini
1314 2951 1419 3006 cederet,
1429 2950 1511 2996 deinde
1520 2950 1625 3006 exiguum
1636 2949 1697 3004 boc,
1708 2949 1797 2995 etiamsi
1811 2955 1873 2996 tanta
1886 2953 1914 2997 sit
1924 2964 1970 3003 res,

1212 3021 1272 3080 apud
1282 3033 1330 3068 sese
1347 3024 1466 3079 reputuns,
1477 3020 1520 3064 nisi
1539 3018 1641 3064 arabum
1653 3028 1742 3074 quoque
1754 3020 1854 3066 scientiae
1864 3033 1907 3066 una
1919 3032 1971 3065 cum

1212 3091 1298 3138 Latinis
1309 3089 1372 3136 lieret
1383 3089 1494 3146 particeps
1503 3081 1708 3147 pulcherrimasque
1719 3086 1836 3136 lacultstor
1851 3089 1971 3144 excoleret,

1213 3167 1274 3210 totus
1287 3161 1378 3218 negotio
1387 3161 1510 3212 incumbit,
1523 3159 1685 3215 consiliumque
1698 3159 1727 3204 ad
1737 3159 1805 3204 tinem
1818 3173 1887 3218 usque
1897 3174 1971 3219 perse-

1213 3233 1251 3289 qui
1266 3244 1293 3278 ac
1302 3231 1382 3289 quovis
1398 3229 1467 3276 modo
1480 3230 1527 3274 noti
1541 3239 1633 3285 compos
1643 3228 1691 3274 lieri
1701 3229 1809 3274 decernit.
1822 3233 1919 3286 Peregre
1926 3233 1973 3287 iam

1212 3301 1327 3360 protectus
1336 3305 1384 3356 est,
1396 3299 1506 3346 trabibus
1515 3299 1589 3345 utitur
1600 3298 1773 3354 preceptoribus
1782 3309 1809 3344 ac
1818 3299 1895 3345 studio
1910 3303 1972 3357 ingo·

1214 3383 1282 3417 nuam
1303 3370 1401 3416 indolem
1414 3369 1553 3427 aequiparans
1569 3372 1653 3413 tanum
1673 3365 1798 3412 doctrinam
1813 3366 1911 3414 feliciter
1930 3372 1972 3416 sibi

1213 3453 1354 3499 comparasse
1365 3441 1449 3486 dicilur
1458 3445 1484 3487 ut
1492 3453 1546 3486 cum
1553 3439 1653 3484 Arabum
1659 3438 1738 3494 scripta
1747 3435 1775 3481 ad
1785 3437 1858 3490 italos¹
1868 3441 1919 3484 ium
1929 3443 1972 3486 ita·

1213 3511 1288 3556 iurum
1299 3512 1327 3557 ad
1343 3509 1426 3555 arabes
1439 3509 1583 3555 transvehere
1593 3511 1674 3566 posset.
1685 3507 1728 3551 iiie
1737 3507 1811 3562 itaque
1819 3511 1904 3565 praelcr
1912 3523 1971 3565 que·

1213 3579 1265 3625 dam
1274 3579 1316 3624 aila
1325 3586 1349 3624 ct
1357 3579 1417 3624 bunc
1426 3578 1454 3624 de
1464 3579 1546 3636 plantis
1560 3577 1643 3622 librum
1652 3575 1815 3632 interpretatur
1828 3579 1894 3632 atque
1906 3588 1919 3621 e
1931 3578 1970 3622 do·

1213 3651 1255 3695 ctis
1269 3649 1367 3694 Arabum
1383 3649 1467 3705 pralis,
1482 3651 1562 3705 utpote
1582 3645 1681 3691 nobilem
1700 3644 1815 3701 piantem,
1834 3644 1858 3689 in
1882 3647 1972 3691 italicos
2040 3653 2041 3678 l

1213 3720 1360 3778 transplantet
1374 3719 1458 3764 hortos.
1480 3718 1548 3763 italus
1559 3717 1628 3772 iprur
1638 3715 1667 3761 dc
1681 3726 1706 3760 rc
1719 3715 1808 3770 ςειίιυτ
1821 3717 1855 3760 est
1865 3717 1973 3761 maxime·

1212 3803 1256 3848 qne
1265 3791 1387 3836 exsultabat
1404 3805 1411 3833 s
1427 3786 1690 3834 irbtoteilcorumenim
1706 3787 1817 3831 librorum
1830 3787 1973 3832 emulatione

1213 3873 1237 3906 se
1251 3871 1329 3906 omnes
1337 3870 1444 3916 superare
1454 3859 1552 3913 iactabat
1562 3869 1587 3902 ec
1600 3854 1741 3903 unlumdem
1751 3854 1780 3900 de
1791 3866 1816 3900 re
1825 3855 1973 3912 gloriabitur,

1213 3935 1322 3990 qusntnur
1337 3930 1475 3977 xcncsillc
1490 3928 1519 3974 de
1529 3929 1620 3985 pisteuo
1638 3938 1682 3984 qua
1698 3926 1876 3972 obumbrabatur
1894 3939 1971 3982 quam-
2038 3959 2039 3997 φ

1212 4013 1256 4057 que
1274 4011 1365 4046 auream
1387 4011 1434 4045 esse
1449 3999 1589 4045 ostendebat.
1617 4003 1652 4045 ile
1668 4009 1760 4056 quoquc
1780 3997 1869 4054 iamdiu
1890 3999 1973 4044 abhinc

1215 4073 1297 4128 piantes
1312 4071 1403 4116 incessit
1415 4069 1510 4126 cupidos
1521 4080 1636 4114 sermones
1653 4069 1716 4114 enim
1732 4069 1835 4113 omnium
1844 4067 1867 4112 in
1887 4067 1973 4114 mundo

1215 4155 1292 4188 rerum
1302 4141 1361 4199 apud
1378 4153 1414 4186 me
1426 4141 1526 4187 maximo
1542 4140 1656 4186 habentur
1671 4140 1764 4186 bonore.
1785 4139 1908 4196 cupiebam
1925 4139 1972 4184 iro·

1213 4213 1286 4258 ctibus
1303 4213 1353 4267 elus
1370 4211 1445 4256 sedari
1462 4212 1670 4266 sententiarumque
1684 4211 1709 4254 ln
1731 4211 1866 4266 potestatem
1888 4209 1973 4254 venire.

1213 4281 1311 4328 Polemi
1320 4281 1373 4326 mibi
1383 4280 1512 4338 cupidinem
1521 4292 1583 4337 spes,
1594 4283 1661 4336 alque
1669 4291 1731 4336 spem
1741 4290 1819 4324 rursus
1828 4289 1906 4334 preces
1914 4279 1972 4324 exd-

1212 4351 1309 4409 plebane
1318 4354 1400 4396 verum
1408 4350 1447 4396 diu
1455 4349 1537 4406 cupido
1545 4348 1613 4394 docus
1622 4349 1733 4405 attingere
1740 4347 1841 4404 nequivit
1848 4352 1974 4405 atquespes

1213 4419 1370 4468 tantummodo
1380 4431 1429 4477 spes
1438 4423 1494 4474 erat,
1508 4430 1629 4477 precesque
1651 4418 1800 4474 augebantur.
1812 4416 1870 4471 Quid
1883 4416 1973 4462 tandem

1212 4493 1313 4539 omniurn
1336 4491 1448 4536 bonorum
1464 4489 1578 4547 plenarie.
1600 4487 1694 4534 modum
1716 4486 1826 4534 excedens
1848 4498 1875 4532 ac
1894 4488 1972 4543 preci·
2034 4503 2035 4506 ¹

1212 4564 1285 4609 danea
1300 4563 1343 4607 luit
1359 4563 1439 4608 caue?
1448 4561 1546 4618 quietem
1565 4558 1632 4605 alleri
1643 4559 1757 4618 cupidini,
1769 4570 1832 4616 spem
1847 4559 1894 4604 soli
1913 4568 1973 4603 com-

1213 4635 1292 4690 potem
1305 4630 1372 4684 lacit,
1386 4630 1492 4687 precibus
1508 4641 1558 4686 que
1569 4629 1710 4687 expetebant,
1721 4627 1876 4674 subministrat
1886 4641 1893 4670 τ
1904 4628 1973 4673 italus

1212 4703 1272 4748 enim
1281 4701 1372 4758 quidam
1380 4700 1539 4758 undecumque
1549 4701 1613 4746 nobis
1621 4700 1696 4745 subito
1704 4711 1822 4757 apparens,
1834 4696 1975 4744 sufficienler

1212 4771 1315 4817 retionsil
1335 4769 1452 4829 disciplina
1469 4769 1606 4826 scientiaque
1619 4770 1743 4814 instructus
1755 4780 1796 4812 nos
1805 4767 1867 4822 adit,
1878 4767 1975 4812 comiter

1212 4841 1307 4898 excipit,
1317 4841 1388 4886 amice
1402 4838 1544 4895 adloquitur,
1556 4838 1637 4884 deinde
1651 4837 1734 4882 librum
1749 4837 1896 4893 concupitum
1910 4835 1976 4878 nobis

1212 4913 1235 4956 in
1251 4923 1331 4957 nunnus
1342 4910 1419 4956 uadit.
1437 4910 1530 4956 cerbus
1543 4909 1630 4954 eunde
1646 4921 1671 4954 re
1688 4912 1802 4966 umquam
1813 4905 1843 4952 de
1861 4906 1926 4950 lucro
1944 4905 1975 4948 in·

1212 4985 1301 5038 sperato
1313 4980 1439 5036 librumque
1454 4978 1558 5024 alacriter
1566 4977 1651 5035 accepi,
1667 4982 1728 5024 tolus
1738 4978 1759 5022 ci
1769 4987 1806 5021 me
1816 4974 1912 5029 tradidi,
1923 4985 1975 5018 sen·

1212 5051 1305 5097 tentiam
1319 5061 1387 5108 quem
1396 5050 1535 5106 continebat,
1545 5048 1625 5096 sedulo
1634 5049 1733 5106 perlegi,
1743 5051 1766 5094 ei
1776 5049 1839 5106 qussi
1849 5047 1872 5092 ln
1881 5045 1977 5104 amorio

1212 5123 1254 5168 boc
1263 5135 1276 5169 a
1286 5123 1360 5180 primo
1369 5123 1422 5168 inde
1431 5121 1507 5167 businc
1516 5121 1659 5167 instnteiem
1669 5120 1768 5177 οοςπονΙ
1778 5117 1976 5172 anscotettcssqus

1212 5193 1318 5241 adsersus
1334 5194 1419 5253 priseos
1437 5193 1579 5252 philosophos
1596 5193 1788 5246 controversionis
1806 5189 1976 5260 conductiones

1212 5266 1321 5322 iniuriam
1330 5277 1366 5313 ms
1378 5265 1488 5322 mmdsc,
1504 5276 1545 5322 per
1554 5263 1638 5318 libros,
1652 5267 1825 5321 puuusmcum
1837 5260 1891 5318 ipsis
1904 5259 1977 5306 libris,
